<record><leader>02735nam a2200517 i 4500</leader><controlfield tag="001">6706305</controlfield><controlfield tag="003">OCoLC</controlfield><controlfield tag="005">20141008131106.0</controlfield><controlfield tag="006">m     o  d        </controlfield><controlfield tag="007">cr cnu---unuuu</controlfield><controlfield tag="008">140826t20152015enka    ob    000 0 eng d</controlfield><datafield ind1=" " ind2=" " tag="020"><subfield code="a">9780702055416</subfield><subfield code="q">electronic bk.</subfield></datafield><datafield ind1=" " ind2=" " tag="020"><subfield code="a">0702055417</subfield><subfield code="q">electronic bk.</subfield></datafield><datafield ind1=" " ind2=" " tag="020"><subfield code="z">9780702051937</subfield></datafield><datafield ind1=" " ind2=" " tag="020"><subfield code="z">0702051934</subfield></datafield><datafield ind1=" " ind2=" " tag="035"><subfield code="a">ocn889212513</subfield></datafield><datafield ind1=" " ind2=" " tag="039"><subfield code="a">exclude</subfield></datafield><datafield ind1=" " ind2=" " tag="040"><subfield code="a">OPELS</subfield><subfield code="b">eng</subfield><subfield code="e">rda</subfield><subfield code="e">pn</subfield><subfield code="c">OPELS</subfield><subfield code="d">OPELS</subfield><subfield code="d">KOS</subfield><subfield code="d">BUF</subfield><subfield code="d">OPELS</subfield><subfield code="d">WAU</subfield><subfield code="d">AEU</subfield></datafield><datafield ind1=" " ind2="4" tag="050"><subfield code="a">RE871</subfield></datafield><datafield ind1="0" ind2="4" tag="082"><subfield code="a">617.741</subfield><subfield code="2">23</subfield></datafield><datafield ind1=" " ind2=" " tag="090"><subfield code="a">Internet Access</subfield><subfield code="b">AEU</subfield></datafield><datafield ind1="0" ind2="0" tag="245"><subfield code="a">Glaucoma /</subfield><subfield code="c">[editors] Tarek M. Shaarawy, Mark B. Sherwood, Roger A. Hitchings, Jonathan G. Crowston.</subfield></datafield><datafield ind1=" " ind2=" " tag="250"><subfield code="a">Second edition.</subfield></datafield><datafield ind1=" " ind2="1" tag="264"><subfield code="a">London :</subfield><subfield code="b">Elsevier, Saunders,</subfield><subfield code="c">[2015]</subfield></datafield><datafield ind1=" " ind2="4" tag="264"><subfield code="c">&#169;2015</subfield></datafield><datafield ind1=" " ind2=" " tag="300"><subfield code="a">1 online resource :</subfield><subfield code="b">illustrations</subfield></datafield><datafield ind1=" " ind2=" " tag="336"><subfield code="a">text</subfield><subfield code="b">txt</subfield><subfield code="2">rdacontent</subfield></datafield><datafield ind1=" " ind2=" " tag="337"><subfield code="a">computer</subfield><subfield code="b">c</subfield><subfield code="2">rdamedia</subfield></datafield><datafield ind1=" " ind2=" " tag="338"><subfield code="a">online resource</subfield><subfield code="b">cr</subfield><subfield code="2">rdacarrier</subfield></datafield><datafield ind1=" " ind2=" " tag="504"><subfield code="a">Includes bibliographical references.</subfield></datafield><datafield ind1=" " ind2=" " tag="506"><subfield code="a">Access restricted to authorized users and institutions.</subfield></datafield><datafield ind1=" " ind2=" " tag="520"><subfield code="a">As the irreversible effects of glaucoma can lead to blindness, there is high demand for early diagnosis and an ongoing need for practitioners to adopt new and evolving medical and surgical treatment options to improve patient outcomes. Glaucoma, Second Edition is the most comprehensive text and online resource in the field delivering expert guidance for the most timely and effective diagnosis and treatment of glaucoma - aimed at specialists, fellows and general ophthalmologists. More than 300 contributors from six continents provide a truly global perspective and explore new approaches in this user friendly reference which has been updated with enhanced images, more spotlights, new videos, and more.</subfield></datafield><datafield ind1="0" ind2=" " tag="588"><subfield code="a">Online resource; title from PDF title page (ClinicalKey, viewed on Sept. 29, 2014).</subfield></datafield><datafield ind1=" " ind2=" " tag="596"><subfield code="a">44</subfield></datafield><datafield ind1=" " ind2="2" tag="650"><subfield code="a">Glaucoma.</subfield></datafield><datafield ind1=" " ind2="2" tag="650"><subfield code="a">Intraocular Pressure.</subfield></datafield><datafield ind1=" " ind2="0" tag="650"><subfield code="a">Glaucoma</subfield><subfield code="x">Treatment.</subfield></datafield><datafield ind1="1" ind2=" " tag="700"><subfield code="a">Shaarawy, Tarek,</subfield><subfield code="e">editor.</subfield></datafield><datafield ind1="1" ind2=" " tag="700"><subfield code="a">Sherwood, Mark B.,</subfield><subfield code="e">editor.</subfield></datafield><datafield ind1="1" ind2=" " tag="700"><subfield code="a">Hitchings, R. A.,</subfield><subfield code="e">editor.</subfield></datafield><datafield ind1="1" ind2=" " tag="700"><subfield code="a">Crowston, Jonathan G.,</subfield><subfield code="e">editor.</subfield></datafield><datafield ind1="4" ind2="0" tag="856"><subfield code="3">University of Alberta Access</subfield><subfield code="u">https://www.clinicalkey.com/dura/browse/bookChapter/3-s2.0-C20111045629</subfield></datafield><datafield ind1="4" ind2="0" tag="856"><subfield code="3">University of Alberta Access</subfield><subfield code="u">http://www.sciencedirect.com/science/book/9780702051937</subfield><subfield code="z">(Unlimited Concurrent Users)</subfield></datafield><datafield ind1=" " ind2=" " tag="949"><subfield code="h">UAIN</subfield><subfield code="z">CKEY</subfield></datafield><datafield ind1=" " ind2=" " tag="926"><subfield code="a">Internet Access</subfield><subfield code="w">LC</subfield><subfield code="c">1</subfield><subfield code="i">6706305-1001</subfield><subfield code="l">INTERNET</subfield><subfield code="m">UAINTERNET</subfield><subfield code="r">Y</subfield><subfield code="s">Y</subfield><subfield code="t">E-RESOURCE</subfield><subfield code="u">10/10/2014</subfield><subfield code="x">E-BOOK</subfield><subfield code="z">CKEY</subfield></datafield><datafield ind1=" " ind2=" " tag="926"><subfield code="a">Internet Access</subfield><subfield code="w">LC</subfield><subfield code="c">2</subfield><subfield code="i">6706305-1002</subfield><subfield code="l">INTERNET</subfield><subfield code="m">UAINTERNET</subfield><subfield code="r">Y</subfield><subfield code="s">Y</subfield><subfield code="t">E-RESOURCE</subfield><subfield code="u">10/16/2014</subfield><subfield code="x">E-BOOK</subfield><subfield code="z">SCIDIRECT</subfield></datafield></record>